@article{peng2018deepmimic,
  title={DeepMimic: Example-Guided Deep Reinforcement Learning of Physics-Based Character Skills},
  author={Xue Bin Peng and Pieter Abbeel and Sergey Levine and Michiel van de Panne},
  journal = {ACM Transactions on Graphics (Proc. SIGGRAPH 2018 - to appear)},
  volume = 37,
  number = 4,
  article = 143,
  year={2018}
}

@article{peng2017deeploco,
	author = {Peng, Xue Bin and Berseth, Glen and Yin, Kangkang and Van De Panne, Michiel},
	title = {DeepLoco: Dynamic Locomotion Skills Using Hierarchical Deep Reinforcement Learning},
	journal = {ACM Trans. Graph.},
	issue_date = {July 2017},
	volume = {36},
	number = {4},
	month = jul,
	year = {2017},
	issn = {0730-0301},
	pages = {41:1--41:13},
	articleno = {41},
	numpages = {13},
	url = {http://doi.acm.org/10.1145/3072959.3073602},
	doi = {10.1145/3072959.3073602},
	acmid = {3073602},
	publisher = {ACM},
	address = {New York, NY, USA},
	keywords = {locomotion skills, motion control, physics-based character animation},
} 

@article{heess2016learning,
  title={Learning and transfer of modulated locomotor controllers},
  author={Heess, Nicolas and Wayne, Greg and Tassa, Yuval and Lillicrap, Timothy and Riedmiller, Martin and Silver, David},
  journal={arXiv preprint arXiv:1610.05182},
  year={2016}
}

@article{heess2017emergence,
  title={Emergence of locomotion behaviours in rich environments},
  author={Heess, Nicolas and Sriram, Srinivasan and Lemmon, Jay and Merel, Josh and Wayne, Greg and Tassa, Yuval and Erez, Tom and Wang, Ziyu and Eslami, Ali and Riedmiller, Martin and others},
  journal={arXiv preprint arXiv:1707.02286},
  year={2017},
  url={https://arxiv.org/abs/1707.02286}
}

@inproceedings{kulkarni2016hierarchical,
  title={Hierarchical deep reinforcement learning: Integrating temporal abstraction and intrinsic motivation},
  author={Kulkarni, Tejas D and Narasimhan, Karthik and Saeedi, Ardavan and Tenenbaum, Josh},
  booktitle={Advances in neural information processing systems},
  pages={3675--3683},
  year={2016}
}

@inproceedings{daume18ilrl,
    title     = {Hierarchical Imitation and Reinforcement Learning},
    author = {Hoang M. Le and Nan Jiang and Alekh Agarwal and Miroslav Dud\'ik and
                    Yisong Yue and Hal Daum\'e III},
    booktitle = {Proceedings of the International Conference on Machine Learning
                    (ICML)},
    year      = {2018},
    url       = {http://hal3.name/docs/#daume18ilrl},
}

@inproceedings{vezhnevets2017feudal,
  title={FeUdal Networks for Hierarchical Reinforcement Learning},
  author={Vezhnevets, Alexander Sasha and Osindero, Simon and Schaul, Tom and Heess, Nicolas and Jaderberg, Max and Silver, David and Kavukcuoglu, Koray},
  booktitle={International Conference on Machine Learning},
  pages={3540--3549},
  year={2017}
}

@inproceedings{
frans2018meta,
title={Meta Learning Shared Hierarchies},
author={Kevin Frans and Jonathan Ho and Xi Chen and Pieter Abbeel and John Schulman},
booktitle={International Conference on Learning Representations},
year={2018},
url={https://openreview.net/forum?id=SyX0IeWAW},
}

@article{mania2018simple,
  author    = {Horia Mania and
               Aurelia Guy and
               Benjamin Recht},
  title     = {Simple random search provides a competitive approach to reinforcement
               learning},
  journal   = {CoRR},
  volume    = {abs/1803.07055},
  year      = {2018},
  url       = {http://arxiv.org/abs/1803.07055},
  archivePrefix = {arXiv},
  eprint    = {1803.07055},
  timestamp = {Wed, 11 Apr 2018 11:12:46 +0200},
  biburl    = {https://dblp.org/rec/bib/journals/corr/abs-1803-07055},
  bibsource = {dblp computer science bibliography, https://dblp.org}
}

@inproceedings{
hausman2018learning,
title={Learning an Embedding Space for Transferable Robot Skills},
author={Karol Hausman and Jost Tobias Springenberg and Ziyu Wang and Nicolas Heess and Martin Riedmiller},
booktitle={International Conference on Learning Representations},
year={2018},
url={https://openreview.net/forum?id=rk07ZXZRb},
}

@article{kumar2017relay,
  author    = {Visak C. V. Kumar and
               Sehoon Ha and
               C. Karen Liu},
  title     = {Expanding Motor Skills through Relay Neural Networks},
  journal   = {CoRR},
  volume    = {abs/1709.07932},
  year      = {2017},
  url       = {http://arxiv.org/abs/1709.07932},
  archivePrefix = {arXiv},
  eprint    = {1709.07932},
  timestamp = {Thu, 05 Oct 2017 09:42:48 +0200},
  biburl    = {https://dblp.org/rec/bib/journals/corr/abs-1709-07932},
  bibsource = {dblp computer science bibliography, https://dblp.org}
}

@article{
	peng2016terrain,
	author = {Peng, Xue Bin and Berseth, Glen and van de Panne, Michiel},
	title = {Terrain-adaptive Locomotion Skills Using Deep Reinforcement Learning},
	journal = {ACM Trans. Graph.},
	issue_date = {July 2016},
	volume = {35},
	number = {4},
	month = jul,
	year = {2016},
	issn = {0730-0301},
	pages = {81:1--81:12},
	articleno = {81},
	numpages = {12},
	url = {http://doi.acm.org/10.1145/2897824.2925881},
	doi = {10.1145/2897824.2925881},
	acmid = {2925881},
	publisher = {ACM},
	address = {New York, NY, USA},
	keywords = {physics-based characters, reinforcement learning},
}
